@article{cloetensHolotomographyQuantitativePhase1999a,
  title = {Holotomography: {{Quantitative}} Phase Tomography with Micrometer Resolution Using Hard Synchrotron Radiation x Rays},
  shorttitle = {Holotomography},
  author = {Cloetens, P. and Ludwig, W. and Baruchel, J. and Van Dyck, D. and Van Landuyt, J. and Guigay, J. P. and Schlenker, M.},
  year = {1999},
  month = nov,
  journal = {Applied Physics Letters},
  volume = {75},
  number = {19},
  pages = {2912--2914},
  doi = {10.1063/1.125225}
}

@article{fienupReconstructionSupportObject1982,
  title = {Reconstruction of the Support of an Object from the Support of Its Autocorrelation},
  author = {Fienup, J. R. and Crimmins, T. R. and Holsztynski, W.},
  year = {1982},
  month = may,
  journal = {JOSA},
  volume = {72},
  number = {5},
  pages = {610--624},
  publisher = {Optica Publishing Group},
  doi = {10.1364/JOSA.72.000610},
  copyright = {{\copyright} 1982 Optical Society of America}
}

@article{flennerHardXrayNanoholotomography2020b,
  title = {Hard {{X-ray}} Nano-Holotomography with a {{Fresnel}} Zone Plate},
  author = {Flenner, S. and Kubec, A. and David, C. and Storm, M. and Schaber, C. F. and Vollrath, F. and Müller, M. and Greving, I. and Hagemann, J.},
  year = {2020},
  month = dec,
  journal = {Optics Express},
  volume = {28},
  number = {25},
  pages = {37514--37525},
  publisher = {Optica Publishing Group},
  doi = {10.1364/OE.406074}
}

@article{gerhardtThreedimensionalArchitectureLinearized2025,
  title = {Three-Dimensional Architecture and Linearized Mapping of Vibrissa Follicle Afferents},
  author = {Gerhardt, B. and Alfken, J. and Reichmann, J. and Salditt, T. and Brecht, M.},
  year = {2025},
  month = jan,
  journal = {Nature Communications},
  volume = {16},
  number = {1},
  pages = {499},
  publisher = {Nature Publishing Group},
  doi = {10.1038/s41467-024-55468-4},
  copyright = {2025 The Author(s)}
}

@article{hornikMultilayerFeedforwardNetworks1989,
  title = {Multilayer Feedforward Networks Are Universal Approximators},
  author = {Hornik, K. and Stinchcombe, M. and White, H.},
  year = {1989},
  month = jan,
  journal = {Neural Networks},
  volume = {2},
  number = {5},
  pages = {359--366},
  doi = {10.1016/0893-6080(89)90020-8}
}

@misc{mildenhallNeRFRepresentingScenes2020a,
  title = {{{NeRF}}: {{Representing Scenes}} as {{Neural Radiance Fields}} for {{View Synthesis}}},
  shorttitle = {{{NeRF}}},
  author = {Mildenhall, B. and Srinivasan, P. P. and Tancik, M. and Barron, J. T. and Ramamoorthi, R. and Ng, R.},
  year = {2020},
  month = aug,
  number = {arXiv:2003.08934},
  eprint = {2003.08934},
  primaryclass = {cs},
  publisher = {arXiv},
  doi = {10.48550/arXiv.2003.08934},
  archiveprefix = {arXiv}
}

@inproceedings{rahamanSpectralBiasNeural2019,
  title = {On the {{Spectral Bias}} of {{Neural Networks}}},
  booktitle = {Proceedings of the 36th {{International Conference}} on {{Machine Learning}}},
  author = {Rahaman, N. and Baratin, A. and Arpit, D. and Draxler, F. and Lin, M. and Hamprecht, F. and Bengio, Y. and Courville, A.},
  year = {2019},
  month = may,
  pages = {5301--5310},
  publisher = {PMLR}
}

@article{reimersDevelopmentBioreactorCoupledFlowCell2023,
  title = {Development of a {{Bioreactor-Coupled Flow-Cell Setup}} for {{3D In Situ Nanotomography}} of {{Mg Alloy Biodegradation}}},
  author = {Reimers, J. and Trinh, H. C. and Wiese, B. and Meyer, S. and Brehling, J. and Flenner, S. and Hagemann, J. and Kruth, M. and Kibkalo, L. and Ćwieka, H. and Hindenlang, B. and Lipinska-Chwalek, M. and Mayer, J. and Willumeit-Römer, R. and Greving, I. and Zeller-Plumhoff, B.},
  year = {2023},
  month = jul,
  journal = {ACS Applied Materials \& Interfaces},
  volume = {15},
  number = {29},
  pages = {35600--35610},
  publisher = {American Chemical Society},
  doi = {10.1021/acsami.3c04054}
}

@article{ruhlandtThreedimensionalPhaseRetrieval2014,
  title = {Three-Dimensional Phase Retrieval in Propagation-Based Phase-Contrast Imaging},
  author = {Ruhlandt, A. and Krenkel, M. and Bartels, M. and Salditt, T.},
  year = {2014},
  month = mar,
  journal = {Physical Review A},
  volume = {89},
  number = {3},
  pages = {033847},
  publisher = {American Physical Society},
  doi = {10.1103/PhysRevA.89.033847}
}

@article{ruhlandtThreedimensionalPropagationNearfield2016a,
  title = {Three-Dimensional Propagation in near-Field Tomographic {{X-ray}} Phase Retrieval},
  author = {Ruhlandt, A. and Salditt, T.},
  year = {2016},
  month = mar,
  journal = {Acta Crystallographica Section A: Foundations and Advances},
  volume = {72},
  number = {2},
  pages = {215--221},
  publisher = {International Union of Crystallography},
  doi = {10.1107/S2053273315022469}
}

@article{vesely3DXrayNanotomography2021a,
  title = {3-{{D X}}-ray {{Nanotomography Reveals Different Carbon Deposition Mechanisms}} in a {{Single Catalyst Particle}}},
  author = {Veselý, M. and Valadian, R. and Lohse, L. M. and Toepperwien, M. and Spiers, K. and Garrevoet, J. and Vogt, E. T. C. and Salditt, T. and Weckhuysen, B. M. and Meirer, F.},
  year = {2021},
  month = may,
  journal = {ChemCatChem},
  volume = {13},
  number = {10},
  pages = {2494--2507},
  doi = {10.1002/cctc.202100276}
}

@article{wittwerPhaseRetrievalFramework2022,
  title = {Phase Retrieval Framework for Direct Reconstruction of the Projected Refractive Index Applied to Ptychography and Holography},
  author = {Wittwer, F. and Hagemann, J. and Brückner, D. and Flenner, S. and Schroer, C. G.},
  year = {2022},
  month = mar,
  journal = {Optica},
  volume = {9},
  number = {3},
  pages = {295--302},
  publisher = {Optica Publishing Group},
  doi = {10.1364/OPTICA.447021},
  copyright = {{\copyright} 2022 Optica Publishing Group}
}

@article{doraArtifactsuppressingReconstructionStrongly2024,
  title = {Artifact-Suppressing Reconstruction of Strongly Interacting Objects in {{X-ray}} near-Field Holography without a Spatial Support Constraint},
  author = {Dora, J. and Möddel, M. and Flenner, S. and Schroer, C. G. and Knopp, T. and Hagemann, J.},
  year = {2024},
  month = mar,
  journal = {Optics Express},
  volume = {32},
  number = {7},
  pages = {10801--10828},
  publisher = {Optica Publishing Group},
  doi = {10.1364/OE.514641}
}

@article{mullerInstantNeuralGraphics2022,
  title = {Instant {{Neural Graphics Primitives}} with a {{Multiresolution Hash Encoding}}},
  author = {Müller, T. and Evans, A. and Schied, C. and Keller, A.},
  year = {2022},
  month = jul,
  journal = {ACM Transactions on Graphics},
  volume = {41},
  number = {4},
  eprint = {2201.05989},
  primaryclass = {cs},
  pages = {1--15},
  doi = {10.1145/3528223.3530127},
  archiveprefix = {arXiv}
}

@book{paganinCoherentXrayOptics2006a,
  title = {Coherent X-Ray Optics},
  author = {Paganin, D. M.},
  year = {2006},
  series = {Oxford Series on Synchrotron Radiation},
  number = {6},
  publisher = {Oxford University Press},
  address = {Oxford},
  isbn = {978-0-19-856728-8},
  lccn = {535.5}
}

@article{niEarlyDiagenesisForaminiferal2020,
  title = {Early Diagenesis of Foraminiferal Calcite under Anoxic Conditions: {{A}} Case Study from the {{Landsort Deep}}, {{Baltic Sea}} ({{IODP Site M0063}})},
  shorttitle = {Early Diagenesis of Foraminiferal Calcite under Anoxic Conditions},
  author = {Ni, S. and Quintana Krupinski, N. B. and Groeneveld, J. and Persson, P. and Somogyi, A. and Brinkmann, I. and Knudsen, K. L. and Seidenkrantz, M.-S. and Filipsson, H. L.},
  year = {2020},
  month = dec,
  journal = {Chemical Geology},
  volume = {558},
  pages = {119871},
  doi = {10.1016/j.chemgeo.2020.119871}
}

@misc{essakineWhereWeStand2025,
  title = {Where {{Do We Stand}} with {{Implicit Neural Representations}}? {{A Technical}} and {{Performance Survey}}},
  shorttitle = {Where {{Do We Stand}} with {{Implicit Neural Representations}}?},
  author = {Essakine, A. and Cheng, Y. and Cheng, C.-W. and Zhang, L. and Deng, Z. and Zhu, L. and Schönlieb, C.-B. and Aviles-Rivero, A. I.},
  year = {2025},
  month = feb,
  number = {arXiv:2411.03688},
  eprint = {2411.03688},
  primaryclass = {cs},
  publisher = {arXiv},
  doi = {10.48550/arXiv.2411.03688},
  archiveprefix = {arXiv}
}

@incollection{zhaNAFNeuralAttenuation2022a,
  title = {{{NAF}}: {{Neural Attenuation Fields}} for {{Sparse-View CBCT Reconstruction}}},
  shorttitle = {{{NAF}}},
  author = {Zha, R. and Zhang, Y. and Li, H.},
  year = {2022},
  volume = {13436},
  eprint = {2209.14540},
  primaryclass = {eess},
  pages = {442--452},
  doi = {10.1007/978-3-031-16446-0_42},
  archiveprefix = {arXiv}
}

@misc{loshchilovDecoupledWeightDecay2019,
  title = {Decoupled {{Weight Decay Regularization}}},
  author = {Loshchilov, I. and Hutter, F.},
  year = {2019},
  month = jan,
  number = {arXiv:1711.05101},
  eprint = {1711.05101},
  primaryclass = {cs},
  publisher = {arXiv},
  doi = {10.48550/arXiv.1711.05101},
  archiveprefix = {arXiv}
}

@article{Misell_1973,
  title = {An Examination of an Iterative Method for the Solution of the Phase Problem in Optics and Electron Optics: {{I}}. {{Test}} Calculations},
  shorttitle = {An Examination of an Iterative Method for the Solution of the Phase Problem in Optics and Electron Optics},
  author = {Misell, D. L.},
  year = {1973},
  month = dec,
  journal = {Journal of Physics D: Applied Physics},
  volume = {6},
  number = {18},
  pages = {2200--2216},
  issn = {00223727},
  doi = {10.1088/0022-3727/6/18/305},
  urldate = {2025-10-16}
}
